@article{Mahbub2024,
  title = {Phase crossover induced by dynamical many-body localization in periodically driven long-range spin systems},
  author = {Rahaman, Mahbub and Mori, Takashi and Roy, Analabha},
  journal = {Phys. Rev. B},
  volume = {109},
  issue = {10},
  pages = {104311},
  numpages = {12},
  year = {2024},
  month = {Mar},
  publisher = {American Physical Society},
  doi = {10.1103/PhysRevB.109.104311},
  url = {https://link.aps.org/doi/10.1103/PhysRevB.109.104311}
}
